<record xmlns='http://www.loc.gov/MARC21/slim'><leader>01163cim a22002532u 4500</leader><controlfield tag='001'>3603750</controlfield><controlfield tag='005'>20151214183327.0</controlfield><controlfield tag='007'>ss|lmnjluz|nuu</controlfield><controlfield tag='008'>991101s1991    nyunnn         l    eng d</controlfield><datafield ind1=' ' ind2=' ' tag='035'><subfield code='a'>(NIC)notisASG0815</subfield></datafield><datafield ind1=' ' ind2=' ' tag='035'><subfield code='a'>3603750</subfield></datafield><datafield ind1=' ' ind2=' ' tag='035'><subfield code='a'>(OCoLC)63901465</subfield></datafield><datafield ind1=' ' ind2=' ' tag='040'><subfield code='a'>NIC</subfield><subfield code='c'>NIC</subfield><subfield code='d'>NIC</subfield></datafield><datafield ind1='1' ind2=' ' tag='100'><subfield code='a'>Bhutto, Benazir,</subfield><subfield code='d'>1953-2007.</subfield></datafield><datafield ind1='1' ind2='0' tag='245'><subfield code='a'>[Benazir Bhutto speaks at Cornell.]</subfield><subfield code='h'>[sound recording]</subfield></datafield><datafield ind1=' ' ind2=' ' tag='260'><subfield code='c'>1991.</subfield></datafield><datafield ind1=' ' ind2=' ' tag='300'><subfield code='a'>1 sound cassette (51 min.) :</subfield><subfield code='b'>analog, mono.</subfield></datafield><datafield ind1=' ' ind2=' ' tag='500'><subfield code='a'>Recorded in Ithaca, NY by Cornell University.</subfield></datafield><datafield ind1=' ' ind2=' ' tag='500'><subfield code='a'>Sponsored by: Cornell University Program Board,Center for International Studies,Sigma Phi Fraternity,Division of Campus Life,Cornell United Religious Works,Asian Studies, Dept. of,South Asia Program,Women&apos;s Studies Program,Program on International Development and Women,Pakistan Students Association.</subfield></datafield><datafield ind1=' ' ind2=' ' tag='500'><subfield code='a'>Speaker(s): Former Prime Minister of Pakistan, author of &quot;Policy in Perspective&quot; and &quot;Daughter of Destiny&quot;.</subfield></datafield><datafield ind1=' ' ind2=' ' tag='518'><subfield code='a'>Lecture, January 31, 1991, 8:00 pm, Bailey Hall.</subfield></datafield><datafield ind1=' ' ind2='0' tag='830'><subfield code='a'>James Norris Oliphant distinguished speakers.</subfield></datafield><datafield ind1='1' ind2=' ' tag='899'><subfield code='a'>CULectures</subfield></datafield><datafield ind1=' ' ind2=' ' tag='905'><subfield code='a'>19991201120000.0</subfield></datafield></record>